@book{BPAFMIPA,
	author = {FMIPA UNJ},
	title = {Pedoman Akademik 2015/2016 Fakultas Matematika dan Ilmu Pengetahuan Alam (FMIPA) Universitas Negeri Jakarta.},
	year = {2015},
	publisher = {Universitas Negeri Jakarta},
	address = {Jakarta},
}

@article{EkoNursubiyantoro,
	author = {Eko Nursubiyantoro and Puryani},
	title = {Perancangan Sistem Penulusuran Alumni (Tracer Study) Berbasis Web},
	journal = {Jurnal Optimasi Sistem Industri (OPSI), Vol. 9, No. 2},
	year = {2016},
}

@article{ExploringTS,
	author = {Renny, Reza Chandra, Syamsi Ruhama and Mochammad Wisuda Sarjono},
	title = {Exploring Tracer Study Service in Career Center},
	journal = {International Journal of Computer Science and Information Security (IJCSIS), Vol. 11, No. 3},
	year = {2013},
}

@electronic{RistekdiktiPanduan,
	author={Ristekdikti},
	title={Panduan Program Bantuan Pengembangan Layanan Pusat Karir Lanjutan/Tracer Study 2019},
	urldate = {},
	url = {http://pkts.belmawa.ristekdikti.go.id/upload/1548740521_Panduan-Bantuan-PKL-2019.pdf},
	lastchecked = {},
	year = {2018},
}

@electronic{RistekdiktiWeb,
	author={Ristekdikti},
	title={Tentang Tracer Study},
	urldate = {},
	url = {http://pkts.belmawa.ristekdikti.go.id/index.php/site/about},
	lastchecked = {},
	year = {2018},
}

@mastersthesis{Rifqi,
	author = {Rifqi Syahirul Alim},
	title = {Perancangan dan mentasi Sistem Informasi Penelusuran Alumni (Tracer Study) Universitas Negeri Jakarta},
	school = {Universitas Islam Negeri Jakarta},
	year = {2019},
	type = {Skripsi},
	address = {Jakarta}
}


@book{BorangIlkom,
	author = {Ilmu Komputer FMIPA UNJ},
	title = {Borang Akreditasi Program Studi Ilmu Komputer},
	year = {2017},
	publisher = {Universitas Negeri Jakarta},
	address = {Jakarta},
}

@article{Nuryake,
	author = {Nuryake Fajaryati, Priyanto, Totok Sukardiyono, Athika Dwi Wiji Utami,
	Sigit Pambudi and Bonita Destiana},
	title = {Studi Penelusuruan terhadap Alumni Program Studi Pendidikan Teknik Informatika Jurusan Teknik Elektronika Fakultas Teknik Universitas Negeri Yogyakarta},
	journal = {Jurnal Electronics, Informatics, and Vocational Education (ELINVO), Vol. 1, No. 1},
	year = {2015},
}

@article{Wellem,
	author = {Kristoko Dwi Hartomo, Theopilus Wellem and David Adi Sanjaya},
	title = {Implementasi Model View Controller dan Object Relational Mapping pada Content Management System Sistem Informasi Keuangan},
	journal = {Jurnal Teknologi Informasi-Aiti, Vol. 6, No. 1},
	year = {2009},
}


@book{Elisabet,
	author = {Elisabet Yunaeti Anggraeni and Rita Irviani},
	title = {Pengantar Sistem Informasi},
	year = {2017},
	publisher = {ANDI},
	address = {Yogyakarta},
}

@article{Sebastian,
	author = {Sebastian K Boell and Dubravka Cecez-Kecmanovic},
	title = {What Is an Information System?},
	journal = {Hawaii International Conference on System Sciences},
	year = {2015},
}

@book{Muslihudin,
	author = {Muhammad Muslihudin and Oktafianto},
	title = {Analisis dan Perancangan Sistem Informasi},
	year = {2016},
	publisher = {ANDI},
	address = {Yogyakarta},
}

@article{Mohit,
	author = {Mohit Kumar Sharma},
	title = {A Study of SDLC to Develop Well Engineered Software},
	journal = {International Journal of Advanced Research in Computer Science, Vol. 8, No. 3},
	year = {2017},
}

@aarticle{Made,
	author = {I Made Sunia Raharja and Azhari SN},
	title = {Perbandingan Proses Pengembangan Perangkat Lunak},
	journal = {Seminar Nasional Informatika 2012 (semnasIF 2012)},
	year = {2012},
}

@book{Pressman,
	author = {Roger S Pressman},
	title = {Rekayasa Perangkat Lunak},
	year = {2002},
	publisher = {ANDI},
	address = {Yogyakarta},
}

@aarticle{Haviluddin,
	author = {I Made Sunia Raharja and Azhari SN},
	title = {Memahami Penggunaan UML (Unified Modelling Language)},
	journal = { Jurnal Informatika Mulawarman, Vol. 6 No. 1},
	year = {2011},
}

@book{Azis,
	author = {M Farid Azis},
	title = {Object Oriented Programming dengan PHP 5.},
	year = {2005},
	publisher = {Elex Media Komputindo},
	address = {Jakarta},
}

@aarticle{AdeHendini,
	author = {Ade Hendini},
	title = {Pemodelan UML Sistem Informasi Monitoring Penjualan Dan Stok},
	journal = {Jurnal Khatulistiwa Informatika, Vol. 4 No. 2},
	year = {2016},
}

@article{DoroEdi,
	author = {Doro Edi and Stevalin Betshani},
	title = {Analisis Data dengan Menggunakan ERD dan Model Konseptual Data Warehouse},
	journal = {Jurnal Informatika, Vol.5, No. 1, Juni 2009},
	year = {2009},
}

@article{Fridayanthie,
	author = {Eka Wida Fridayanthie and Tias Mahdiati},
	title = {Rancang Bangun Sistem Informasi Permintaan Atk Berbasis Intranet},
	journal = {Jurnal Khatulistiwa Informatika, Vol.2 No.4},
	year = {2016},
}

@article{AriefHidayat,
	author = {Arief Hidayat and Bayu Surarso},
	title = {Penerapan Arsitektur Model View Controller (MVC) dalam Rancang Bangun Sistem Kuis Online Adaptif},
	journal = {Seminar Nasional Teknologi Informasi dan Komunikasi 2012 (SENTIKA 2012)},
	year = {2012},
}

@article{Martono,
	author = {Kurniawan Teguh Martono and Ike Pertiwi Windasari},
	title = {Rancang Bangun Sistem Informasi Produksi Ayam Petelur Dengan Menggunakan Framework Codeigniter},
	journal = {Jurnal Sistem Komputer, Vol.8 No.1},
	year = {2018},
}

@book{Robi,
	author = {Robi Yanto},
	title = {Manajemen Basis Data Menggunakan MySQL},
	year = {2016},
	publisher = {Deepublish},
	address = {Yogyakarta},
}

@book{Edhy,
	author = {Edhy Sutanta},
	title = {Sistem Basis Data},
	year = {2004},
	publisher = {Graha Ilmu},
	address = {Yogyakarta},
}

@book{Sulianta,
	author = {Feri Sulianta and Dominikus Juju},
	title = {Data Mining},
	year = {2010},
	publisher = {Elex Media Komputindo},
	address = {Jakarta},
}

@book{Rosa,
	author = {Rosa A.S and M Shalahuddin},
	title = {Rekayasa Perangkat Lunak Terstruktur dan Berorientasi Objek},
	year = {2014},
	publisher = {Informatika},
	address = {Bandung},
}


@article{Ghozaly,
	author = {Achmad Ghozaly, Vivine Nurcahyawati and Sri Suhandiah},
	title = {Rancang Bangun Aplikasi Tracer Study Berbasis Web Pada Stikes Yayasan Rs. Dr. Soetomo Surabaya},
	journal = {Jurnal Sistem Informasi dan Komputer Akuntansi, Vol.5 No.6},
	year = {2016},
}

@book{Fariani,
	author = {Fariani Hermin Indiyah},
	title = {Desain Sistem Informasi Alumni (SILUNI) Berbasis Website},
	year = {2017},
	publisher = {},
	address = {Jakarta},
}

@article{EkaIswandy,
	author = {Eka Iswandy},
	title = {Sistem Penunjang Keputusan Untuk Menentukan Penerimaan Dana Santunan Sosial Anak Nagari Dan Penyalurannya Bagi Mahasiswa Dan Pelajar Kurang Mampu Di Kenagarian Barung},
	journal = {TEKNOIF, Volume 3 Nomor : 2},
	year = {2015},
}

@electronic{tutorialspoint,
	author={TutorialsPoint},
	title={SDLC - Spiral Model},
	urldate = {2016-10-28},
	url = {https://www.tutorialspoint.com/sdlc/sdlc_spiral_model.htm},
	lastchecked = {2016-10-28},
	year = {2016},
}


@article{Maryuliana,
	author = {Maryuliana, Imam Much Ibnu Subroto and Sam Farisa Chairul Haviana},
	title = {Sistem Informasi Angket Pengukuran Skala Kebutuhan Materi
	Pembelajaran Tambahan sebagai Pendukung Pengambilan
	Keputusan di Sekolah Menengah Atas Menggunakan Skala Likert},
	journal = {Jurnal Transistor Elektro dan Informatika , Volume 1 Nomor : 2},
	year = {2016},
}



